@book{rulicki2012cnv,
  title={CNV comunicaci{\'o}n no-verbal: c{\'o}mo la inteligencia emocional se expresa a tr{\'a}ves de los gestos},
  author={Rulicki, S. and Cherny, M.},
  isbn={9789506414979},
  series={Management (Granica).: Comunicaci{\'o}n},
  url={https://books.google.com.gt/books?id=ui7ZKBtZQQ0C},
  year={2012},
  publisher={Advanced Marketing s De Rl De Cv}
}

@book{ekman2017rostro,
  title={El rostro de las emociones: C{\'o}mo leer las expresiones faciales para mejorar sus relaciones},
  author={Ekman, P. and Serra, J.J.},
  isbn={9788490568859},
  url={https://books.google.com.gt/books?id=H0TODwAAQBAJ},
  year={2017},
  publisher={RBA Libros}
}

@misc{ReconocerLasEmociones,
  title = {Còmo reconocer las 7 emociones básicas de la comunicación no verbal},
  author={Romero, Lara},
  howpublished = {\url{https://www.analisisnoverbal.com/las-7-emociones-basicas-en-la-comunicacion-no-verbal/}},
  note = {Accessed: 2021-04-09}
}

@misc{OpenCV,
  title = {About - OpenCv},
  howpublished = {\url{https://opencv.org/about/}},
  note = {Accessed: 2021-05-06}
}

@misc{SimpleCV,
  title = {SimpleCV},
  howpublished = {\url{http://simplecv.org}},
  note = {Accessed: 2021-05-06}
}

@misc{Accord.NET,
  title = {Accord.NET Machine Learning},
  howpublished = {\url{http://accord-framework.net}},
  note = {Accessed: 2021-05-06}
}

@misc{BoofCV,
  title = {BoofCV},
  howpublished = {\url{http://boofcv.org/index.php?title=Main_Page}},
  note = {Accessed: 2021-05-06}
}

@misc{Keras,
  title = {About Keras},
  howpublished = {\url{https://keras.io/about/}},
  note = {Accessed: 2021-05-06}
}

@misc{TensorFlow,
  title = {Por qué TensorFlow},
  howpublished = {\url{https://www.tensorflow.org/about?hl=es-419}},
  note = {Accessed: 2021-05-06}
}

@misc{PyTorch,
  title = {Features|PyTorch},
  howpublished = {\url{https://pytorch.org/features/}},
  note = {Accessed: 2021-05-06}
}

@misc{Karan,
  title = {Emotion Detection Using OpenCV and Keras},
  howpublished = {\url{https://medium.com/swlh/emotion-detection-using-opencv-and-keras-771260bbd7f7}},
  note = {Accessed: 2021-05-20}
}

@thesis{Ruano2019Tesis,    
    author = {Ruano, Luis},    
    title  = {Sistema de detección de rostro y reconocimiento de gestos para robot animatrónico},    
    note   = {Tesis de licenciatura},    
    school = {Universidad Del Valle de Guatemala},    
    year   = {2019}
}